<record><leader>00000cas a22000007a 4500</leader><controlfield tag="001">20969246</controlfield><controlfield tag="008">900129d182818uuohuwr ne      0    0eng d</controlfield><datafield ind1=" " ind2=" " tag="010"><subfield code="a">sn 90068115 </subfield></datafield><datafield ind1=" " ind2=" " tag="040"><subfield code="a">ONP</subfield><subfield code="b">eng</subfield><subfield code="c">ONP</subfield><subfield code="d">OCL</subfield><subfield code="d">DLC</subfield><subfield code="d">OCLCF</subfield></datafield><datafield ind1="1" ind2=" " tag="029"><subfield code="a">AU@</subfield><subfield code="b">000020123778</subfield></datafield><datafield ind1=" " ind2=" " tag="042"><subfield code="a">msc</subfield></datafield><datafield ind1=" " ind2=" " tag="043"><subfield code="a">n-us-oh</subfield></datafield><datafield ind1="0" ind2="0" tag="050"><subfield code="a">Newspaper</subfield></datafield><datafield ind1="0" ind2="0" tag="245"><subfield code="a">Ohio people's press, and farmers' repository.</subfield></datafield><datafield ind1=" " ind2=" " tag="260"><subfield code="a">Xenia, Greene County, Ohio :</subfield><subfield code="b">J.B. Gardiner,</subfield><subfield code="c">1828-</subfield></datafield><datafield ind1=" " ind2=" " tag="300"><subfield code="a">v.</subfield></datafield><datafield ind1=" " ind2=" " tag="310"><subfield code="a">Weekly</subfield></datafield><datafield ind1="0" ind2=" " tag="362"><subfield code="a">Whole no. 130 (Nov. 1, 1828)-</subfield></datafield><datafield ind1=" " ind2="0" tag="651"><subfield code="a">Xenia (Ohio)</subfield><subfield code="v">Newspapers.</subfield></datafield><datafield ind1=" " ind2="0" tag="651"><subfield code="a">Greene County (Ohio)</subfield><subfield code="v">Newspapers.</subfield></datafield><datafield ind1=" " ind2="7" tag="655"><subfield code="a">Newspapers.</subfield><subfield code="2">fast</subfield><subfield code="0">(OCoLC)fst01423814</subfield></datafield><datafield ind1=" " ind2="7" tag="651"><subfield code="a">Ohio</subfield><subfield code="z">Greene County.</subfield><subfield code="2">fast</subfield><subfield code="0">(OCoLC)fst01222047</subfield></datafield><datafield ind1=" " ind2="7" tag="651"><subfield code="a">Ohio</subfield><subfield code="z">Xenia.</subfield><subfield code="2">fast</subfield><subfield code="0">(OCoLC)fst01222784</subfield></datafield><datafield ind1=" " ind2=" " tag="752"><subfield code="a">United States</subfield><subfield code="b">Ohio</subfield><subfield code="c">Greene</subfield><subfield code="d">Xenia.</subfield></datafield><datafield ind1="0" ind2="0" tag="780"><subfield code="t">Ohio people's press, and political expositor</subfield><subfield code="w">(DLC)sn 88077028</subfield><subfield code="w">(OCoLC)17358894</subfield></datafield><datafield ind1="0" ind2="7" tag="785"><subfield code="t">Xenia gazette</subfield></datafield><datafield ind1="0" ind2="7" tag="785"><subfield code="t">Ohio people's press, and Xenia gazette</subfield><subfield code="w">(DLC)sn 88077029</subfield><subfield code="w">(OCoLC)17358898</subfield></datafield></record>